<?xml version="1.0" encoding="UTF-8"?>
<collection xmlns:xsi="http://www.w3.org/2001/XMLSchema-instance" xsi:schemaLocation="http://www.loc.gov/MARC21/slim http://www.loc.gov/standards/marcxml/schema/MARC21slim.xsd" xmlns="http://www.loc.gov/MARC21/slim">
<record>
  <leader>01302cam a22003251  4500</leader>
  <controlfield tag="001">2980183</controlfield>
  <controlfield tag="003">NNC</controlfield>
  <controlfield tag="005">20150706144943.0</controlfield>
  <controlfield tag="008">881027s1970    iq       b    001 0 araod</controlfield>
  <datafield tag="035" ind1=" " ind2=" ">
    <subfield code="a">(OCoLC)10194564</subfield>
  </datafield>
  <datafield tag="035" ind1=" " ind2=" ">
    <subfield code="a">(OCoLC)ocm10194564</subfield>
  </datafield>
  <datafield tag="035" ind1=" " ind2=" ">
    <subfield code="9">ASM7262CU</subfield>
  </datafield>
  <datafield tag="035" ind1=" " ind2=" ">
    <subfield code="a">(NNC)2980183</subfield>
  </datafield>
  <datafield tag="040" ind1=" " ind2=" ">
    <subfield code="a">TxU</subfield>
    <subfield code="c">TxU</subfield>
    <subfield code="d">*m/c*</subfield>
    <subfield code="d">CStRLIN</subfield>
    <subfield code="d">UkOxU</subfield>
  </datafield>
  <datafield tag="066" ind1=" " ind2=" ">
    <subfield code="c">(3</subfield>
  </datafield>
  <datafield tag="090" ind1=" " ind2=" ">
    <subfield code="a">Arab.</subfield>
    <subfield code="b">d.4472</subfield>
  </datafield>
  <datafield tag="100" ind1="1" ind2=" ">
    <subfield code="6">880-01</subfield>
    <subfield code="a">Sāmarrāʼī, Fāḍil Ṣāliḥ.</subfield>
  </datafield>
  <datafield tag="245" ind1="1" ind2="3">
    <subfield code="6">880-02</subfield>
    <subfield code="a">al-Dirāsāt al-naḥwīyah wa-al-lughawīyah ʻinda al-Zamakhsharī /</subfield>
    <subfield code="c">taʾlīf Fāḍil Ṣāliḥ al-Sāmarrāʾī.</subfield>
  </datafield>
  <datafield tag="260" ind1=" " ind2=" ">
    <subfield code="6">880-03</subfield>
    <subfield code="a">[Baghdād] :</subfield>
    <subfield code="b">Dār al-Nadhīr,</subfield>
    <subfield code="c">1970.</subfield>
  </datafield>
  <datafield tag="300" ind1=" " ind2=" ">
    <subfield code="a">419 p. ;</subfield>
    <subfield code="c">24 cm.</subfield>
  </datafield>
  <datafield tag="500" ind1=" " ind2=" ">
    <subfield code="a">Includes index.</subfield>
  </datafield>
  <datafield tag="504" ind1=" " ind2=" ">
    <subfield code="a">Bibliography: p. 376-393.</subfield>
  </datafield>
  <datafield tag="600" ind1="1" ind2="0">
    <subfield code="6">880-04</subfield>
    <subfield code="a">Zamakhsharī, Maḥmūd ibn ʻUmar,</subfield>
    <subfield code="d">1075-1144.</subfield>
  </datafield>
  <datafield tag="650" ind1=" " ind2="0">
    <subfield code="a">Arabic philology</subfield>
    <subfield code="x">History.</subfield>
  </datafield>
  <datafield tag="880" ind1="1" ind2=" ">
    <subfield code="6">100-01/(3/r</subfield>
    <subfield code="a">سامرائي، فاضل صالح.</subfield>
  </datafield>
  <datafield tag="880" ind1="1" ind2="2">
    <subfield code="6">245-02/(3/r</subfield>
    <subfield code="a">الدراسات النحوية واللغوية عند الزمخشري /</subfield>
    <subfield code="c">تأليف فاضل صالح السامرائي.</subfield>
  </datafield>
  <datafield tag="880" ind1=" " ind2=" ">
    <subfield code="6">260-03/(3/r</subfield>
    <subfield code="a">[بغداد] :</subfield>
    <subfield code="b">دار النذير،</subfield>
    <subfield code="c">١٩٧٠.</subfield>
  </datafield>
  <datafield tag="880" ind1="1" ind2="4">
    <subfield code="6">600-04/(3/r</subfield>
    <subfield code="a">زمخشري، محمود بن عمر,</subfield>
    <subfield code="d">1075-1144.</subfield>
  </datafield>
  <datafield tag="955" ind1=" " ind2=" ">
    <subfield code="b">0036759791</subfield>
    <subfield code="d">glx</subfield>
    <subfield code="e">PJ6064.Z25 S2 1971</subfield>
  </datafield>
</record>
</collection>